<?xml version="1.0" encoding="UTF-8"?><collection xmlns="http://www.loc.gov/MARC21/slim"><record><leader>00573nam--2200181-i-4500</leader><controlfield tag="001">000012976</controlfield><controlfield tag="002">20161230</controlfield><controlfield tag="005">20161230201030</controlfield><controlfield tag="008">060222s1000------------r-----000-0-eng-d</controlfield><datafield ind1=" " ind2=" " tag="040"><subfield code="a">IFIN-HH</subfield></datafield><datafield ind1="1" ind2=" " tag="100"><subfield code="a">Kushner, Harold J</subfield></datafield><datafield ind1="1" ind2="0" tag="245"><subfield code="a">Stochastic approximation methods for constrained and unconstrained systems</subfield><subfield code="c">Harold J. Kushner ; Dean S. Clark</subfield></datafield><datafield ind1=" " ind2=" " tag="260"><subfield code="a">New York, Springer-verlag, 1978</subfield></datafield><datafield ind1=" " ind2=" " tag="300"><subfield code="a">X + 261 P</subfield></datafield><datafield ind1=" " ind2=" " tag="490"><subfield code="a">Applied Mathematical Sciences</subfield><subfield code="v">vol. 26</subfield></datafield><datafield ind1="0" ind2=" " tag="700"><subfield code="a">Clark, Dean S</subfield><subfield code="e">joint author</subfield></datafield><datafield ind1=" " ind2=" " tag="852"><subfield code="a">46914</subfield><subfield code="c">519.2</subfield></datafield><datafield ind1=" " ind2=" " tag="CAT"><subfield code="a">Sys</subfield><subfield code="c">20100607</subfield><subfield code="h">092700</subfield></datafield></record></collection>